
@article{berteussen77,
  title={{Moho depth determinations based on spectral-ratio analysis of NORSAR long-period P waves}},
  author={Berteussen, K-A},
  journal={Physics of the Earth and Planetary Interiors},
  volume={15},
  number={1},
  pages={13--27},
  year={1977},
  publisher={Elsevier}
}

@article{bodin12,
  title={Transdimensional inversion of receiver functions and surface wave dispersion},
  author={Bodin, Thomas and Sambridge, Malcolm and Tkal{\v{c}}i{\'c}, H and Arroucau, Pierre and Gallagher, Kerry and Rawlinson, Nicholas},
  journal={Journal of Geophysical Research: Solid Earth},
  volume={117},
  number={B2},
  year={2012},
  publisher={Wiley Online Library}
}


@article{green03,
  title={Trans-dimensional markov chain monte carlo},
  author={Green, Peter J},
  journal={Oxford Statistical Science Series},
  pages={179--198},
  year={2003},
  publisher={OXFORD UNIV PRESS}
}
